@inbook {mmrouting,
   author    = {C. R. Murthy and B. S. Manoj},
   title     = {{Ad Hoc Wireless Networks - Architectures and Protocols}},
   year      = {2004},
   pages     = {299--364},
   publisher ={{Person Education}}
}

@misc{ hu02wormhole,
  author     = {Y. Hu and A. Perrig and D. Johnson},
  title      = {{Wormhole Detection in Wireless Ad Hoc Networks}},
  text       = {Y. Hu, A. Perrig, and D. B. Johnson. Wormhole detection in wireless ad hoc networks. Technical report, Rice University Department of Computer Science, June 2002.},
  month      = {June},
  year 			 = {2002},
  url        = {citeseer.ist.psu.edu/hu02wormhole.html}
}

@phdthesis{ami95,
  AUTHOR 	   = {Y. Amir},
  TITLE      = {{Replication Using Group Communication over a Partitioned Network}},
  SCHOOL     = {Institute of Computer Science, The Hebrew University of Jerusalem},
  YEAR       = {1995},
  address    = {Jerusalem, Israel},
}
 

@inproceedings{acm-948118, 
   author    = {Wenliang Du and Jing Deng and Yunghsiang S. Han and Pramod K. Varshney},
   title     = {{A Pairwise Key Pre-Distribution Scheme for Wireless Sensor Networks}},
   booktitle = {CCS '03: Proceedings of the 10th ACM conference on Computer and communications security},
   year      = {2003},
   isbn      = {1-58113-738-9},
   pages     = {42--51},
   location  = {Washington D.C., USA},
   doi       = {http://doi.acm.org/10.1145/948109.948118},
   publisher = {ACM Press},
}



